@article{brdys1999dynamic,
  doi = {10.1109/72.750564},
  pmid = {18252531},
  year = {1999},
  title = {Dynamic neural controllers for induction motor},
  journal = {IEEE Transactions on Neural Networks},
  issn = {1045-9227},
  eissn = {1941-0093},
  volume = {10},
  number = {2},
  pages = {340-355},
  author = {Brdys, M.A. and Kulawski, G.J.},
  url = {http://dx.doi.org/10.1109/72.750564}}

@article{d'agnolo2018learning,
  arxiv = {1806.02350},
  year = {2018},
  title = {Learning New Physics from a Machine},
  author = {D'Agnolo, Raffaele Tito and Wulzer, Andrea},
  url = {http://arxiv.org/abs/1806.02350}}

@article{ogunmolu2016nonlinear,
  arxiv = {1610.01439},
  year = {2016},
  title = {Nonlinear Systems Identification Using Deep Dynamic Neural Networks},
  author = {Ogunmolu, Olalekan and Gu, Xuejun and Jiang, Steve and Gans, Nicholas},
  url = {http://arxiv.org/abs/1610.01439}}

@article{karpatne2017theory-guided,
  doi = {10.1109/tkde.2017.2720168},
  year = {2017},
  title = {Theory-Guided Data Science: A New Paradigm for Scientific Discovery from Data},
  journal = {IEEE Transactions on Knowledge and Data Engineering},
  issn = {1041-4347},
  eissn = {1558-2191},
  volume = {29},
  number = {10},
  pages = {2318-2331},
  author = {Karpatne, Anuj and Atluri, Gowtham and Faghmous, James H. and Steinbach, Michael and Banerjee, Arindam and Ganguly, Auroop and Shekhar, Shashi and Samatova, Nagiza and Kumar, Vipin},
  url = {http://dx.doi.org/10.1109/tkde.2017.2720168}}

@article{bianchi2017an,
  doi = {10.1007/978-3-319-70338-1},
  arxiv = {1705.04378},
  year = {2017},
  title = {An overview and comparative analysis of Recurrent Neural Networks for Short Term Load Forecasting},
  author = {Bianchi, Filippo Maria and Maiorino, Enrico and Kampffmeyer, Michael C and Rizzi, Antonello and Jenssen, Robert},
  url = {http://dx.doi.org/10.1007/978-3-319-70338-1}}

@article{yao2010adaline,
  doi = {10.1177/1077546310395972},
  year = {2010},
  title = {Adaline neural network-based adaptive inverse control for an electro-hydraulic servo system},
  journal = {Journal of Vibration and Control},
  issn = {1077-5463},
  eissn = {1741-2986},
  volume = {17},
  number = {13},
  pages = {2007-2014},
  author = {Yao, Jianjun and Wang, Xiancheng and Hu, Shenghai and Fu, Wei},
  url = {http://dx.doi.org/10.1177/1077546310395972}}

@article{oliveira2017learning,
  doi = {10.1007/s41781-017-0004-6},
  arxiv = {1701.05927},
  year = {2017},
  title = {Learning Particle Physics by Example: Location-Aware Generative Adversarial Networks for Physics Synthesis},
  author = {Oliveira, Luke de and Paganini, Michela and Nachman, Benjamin},
  url = {http://dx.doi.org/10.1007/s41781-017-0004-6}}

@article{burda2018large-scale,
  arxiv = {1808.04355},
  year = {2018},
  title = {Large-Scale Study of Curiosity-Driven Learning},
  author = {Burda, Yuri and Edwards, Harri and Pathak, Deepak and Storkey, Amos and Darrell, Trevor and Efros, Alexei A},
  url = {http://arxiv.org/abs/1808.04355}}

@article{li2015dynamic,
  doi = {10.1109/tpwrd.2014.2323083},
  year = {2015},
  title = {Dynamic Power Conditioning Method of Microgrid Via Adaptive Inverse Control},
  journal = {IEEE Transactions on Power Delivery},
  issn = {0885-8977},
  eissn = {1937-4208},
  volume = {30},
  number = {2},
  pages = {906-913},
  author = {Li, Peng and Wang, Xubin and Lee, Wei-Jen and Xu, Duo},
  url = {http://dx.doi.org/10.1109/tpwrd.2014.2323083}}

@article{aboueldahab2011identification,
  doi = {10.4236/ica.2011.23021},
  year = {2011},
  title = {Identification and Adaptive Control of Dynamic Nonlinear Systems Using Sigmoid Diagonal Recurrent Neural Network},
  journal = {Intelligent Control and Automation},
  issn = {2153-0653},
  eissn = {2153-0661},
  volume = {02},
  number = {03},
  pages = {176-181},
  author = {Aboueldahab, Tarek and Fakhreldin, Mahumod},
  url = {http://dx.doi.org/10.4236/ica.2011.23021}}

@article{hermans2014automated,
  doi = {10.1371/journal.pone.0086696},
  pmid = {24497969},
  pmcid = {PMC3908928},
  year = {2014},
  title = {Automated Design of Complex Dynamic Systems},
  journal = {PLoS ONE},
  eissn = {1932-6203},
  volume = {9},
  number = {1},
  pages = {e86696},
  author = {Hermans, Michiel and Schrauwen, Benjamin and Bienstman, Peter and Dambre, Joni},
  url = {http://dx.doi.org/10.1371/journal.pone.0086696}}

@article{deng2005a,
  doi = {10.1109/tsmcb.2004.836472},
  pmid = {15719939},
  year = {2005},
  title = {A Novel Neural Approximate Inverse Control for Unknown Nonlinear Discrete Dynamical Systems},
  journal = {IEEE Transactions on Systems, Man, and Cybernetics—Part B: Cybernetics},
  issn = {1083-4419},
  volume = {35},
  number = {1},
  pages = {115-123},
  author = {Deng, Hua and Li, Han-Xiong},
  url = {http://dx.doi.org/10.1109/tsmcb.2004.836472}}

@article{plett2003adaptive,
  doi = {10.1109/tnn.2003.809412},
  pmid = {18238019},
  year = {2003},
  title = {Adaptive Inverse Control of Linear and Nonlinear Systems Using Dynamic Neural Networks},
  journal = {IEEE Transactions on Neural Networks},
  issn = {1045-9227},
  volume = {14},
  number = {2},
  pages = {360},
  author = {Plett, Gregory L.},
  url = {http://dx.doi.org/10.1109/tnn.2003.809412}}

@article{kumarawadu2010discrete-time,
  doi = {10.1049/iet-cta.2009.0144},
  year = {2010},
  title = {Discrete-time neuroadaptive control using dynamic state feedback with application to vehicle motion control for intelligent vehicle highway systems},
  journal = {IET Control Theory and Applications},
  issn = {1751-8644},
  eissn = {1751-8652},
  volume = {4},
  number = {8},
  pages = {1465-1477},
  author = {Kumarawadu, S and Fernando, W U N},
  url = {http://dx.doi.org/10.1049/iet-cta.2009.0144}}

@article{lusch2017deep,
  arxiv = {1712.09707},
  year = {2017},
  title = {Deep learning for universal linear embeddings of nonlinear dynamics},
  author = {Lusch, Bethany and Kutz, J Nathan and Brunton, Steven L},
  url = {http://arxiv.org/abs/1712.09707}}

@article{cheung2008backpropagation,
  doi = {10.1109/ijcnn.2008.4633873},
  year = {2008},
  title = {Backpropagation with Two-Phase Magnified Gradient Function},
  journal = {2008 IEEE International Joint Conference on Neural Networks (IEEE World Congress on Computational Intelligence)},
  pages = {710-715},
  author = {Cheung, Chi-Chung and Ng, Sin-Chun},
  url = {http://dx.doi.org/10.1109/ijcnn.2008.4633873}}

@article{venturini2007optimization,
  doi = {10.1115/1.2437232},
  year = {2007},
  title = {Optimization of a Real-Time Simulator Based on Recurrent Neural Networks for Compressor Transient Behavior Prediction},
  journal = {Journal of Turbomachinery},
  issn = {0889-504X},
  volume = {129},
  number = {3},
  pages = {468-478},
  author = {Venturini, M.},
  url = {http://dx.doi.org/10.1115/1.2437232}}

@article{ardizzone2018analyzing,
  arxiv = {1808.04730},
  year = {2018},
  title = {Analyzing Inverse Problems with Invertible Neural Networks},
  author = {Ardizzone, Lynton and Kruse, Jakob and Wirkert, Sebastian and Rahner, Daniel and Pellegrini, Eric W and Klessen, Ralf S and Maier-Hein, Lena and Rother, Carsten and Köthe, Ullrich},
  url = {http://arxiv.org/abs/1808.04730}}

@article{fu2008intelligent,
  doi = {10.1002/acs.1007},
  year = {2008},
  title = {Intelligent control using multiple models and neural networks},
  journal = {International Journal of Adaptive Control and Signal Processing},
  issn = {1099-1115},
  eissn = {1099-1115},
  volume = {22},
  number = {5},
  pages = {495-509},
  author = {Fu, Yue and Chai, Tianyou and Yue, Heng},
  publisher = {Wiley Online Library},
  url = {http://dx.doi.org/10.1002/acs.1007}}

@article{peng2018deepmimic:,
  doi = {10.1145/3197517.3201311},
  arxiv = {1804.02717},
  year = {2018},
  title = {DeepMimic: Example-Guided Deep Reinforcement Learning of Physics-Based Character Skills},
  journal = {ACM Transactions on Graphics (TOG)},
  issn = {0730-0301},
  volume = {37},
  number = {4},
  pages = {143},
  author = {Peng, Xue Bin and Abbeel, Pieter and Levine, Sergey and Panne, Michiel van de},
  url = {http://dx.doi.org/10.1145/3197517.3201311}}

@article{nouri2008adaptive,
  doi = {10.1016/j.asoc.2007.03.002},
  year = {2008},
  title = {Adaptive control of a nonlinear dc motor drive using recurrent neural networks},
  journal = {Applied Soft Computing},
  issn = {1568-4946},
  volume = {8},
  number = {1},
  pages = {371-382},
  author = {Nouri, Khaled and Dhaouadi, Rached and Braiek, Naceur Benhadj},
  url = {http://dx.doi.org/10.1016/j.asoc.2007.03.002}}

@article{raissi2018deep,
  arxiv = {1801.06637},
  year = {2018},
  title = {Deep Hidden Physics Models: Deep Learning of Nonlinear Partial Differential Equations},
  author = {Raissi, Maziar},
  url = {http://arxiv.org/abs/1801.06637}}

@article{karpatne2017physics-guided,
  arxiv = {1710.11431},
  year = {2017},
  title = {Physics-guided Neural Networks (PGNN): An Application in Lake Temperature Modeling},
  author = {Karpatne, Anuj and Watkins, William and Read, Jordan and Kumar, Vipin},
  url = {http://arxiv.org/abs/1710.11431}}
